% Encoding: UTF-8
@article{rackauckas2020accelerated,
  title={Accelerated predictive healthcare analytics with pumas, a high performance pharmaceutical modeling and simulation platform},
  author={Rackauckas, Chris and Ma, Yingbo and Noack, Andreas and Dixit, Vaibhav and Mogensen, Patrick Kofod and Byrne, Simon and Maddhashiya, Shubham and Santiago Calder{\'o}n, Jos{\'e} Bayo{\'a}n and Nyberg, Joakim and Gobburu, Jogarao VS and others},
  year={2020}
}
@Comment{jabref-meta: databaseType:bibtex;}
